<?xml version="1.0" encoding="UTF-8"?><collection xmlns="http://www.loc.gov/MARC21/slim"><record><leader>00432nam--2200169-i-4500</leader><controlfield tag="001">000027126</controlfield><controlfield tag="002">20161230</controlfield><controlfield tag="005">20170201161751</controlfield><controlfield tag="008">060222s1000------------r-----000-0-rum-d</controlfield><datafield ind1=" " ind2=" " tag="041"><subfield code="a">rum</subfield></datafield><datafield ind1=" " ind2=" " tag="080"><subfield code="a">550.34</subfield></datafield><datafield ind1=" " ind2=" " tag="100"><subfield code="a">Cornea Ion S.A</subfield></datafield><datafield ind1=" " ind2=" " tag="245"><subfield code="a">Introducere in mecanica fenomenelor seismice si inginerie seismica</subfield></datafield><datafield ind1=" " ind2=" " tag="260"><subfield code="b">Editura Academiei RSR,</subfield></datafield><datafield ind1=" " ind2=" " tag="300"><subfield code="a">350p</subfield><subfield code="b">1987</subfield></datafield><datafield ind1=" " ind2=" " tag="852"><subfield code="a">79641</subfield></datafield><datafield ind1=" " ind2=" " tag="CAT"><subfield code="a">SYS</subfield><subfield code="c">20170201</subfield><subfield code="h">161751</subfield></datafield></record></collection>